@article{nashville,
	Author = {Gabor Karsai and Akos Ledeczi and Janos Sztipanovits Gabor Peceli and Gyula Simon and Tamas Kovacshazy},
	Journal = {Self-Adaptive Software: Applications (IWSAS)},
	Title = {An Approach to Self-adaptive Software Based on Supervisory Control},
	Year = {2001}}

@article{napols,
	Author = {Venticinque, Salvatore},
	Journal = {European Research Activities in Cloud Computing},
	Title = {Agent based services for negotiation, monitoring and reconfiguration of cloud resources.},
	Year = {2012}}

@article{ibm,
	Author = {Ying Li and Kewei Sun and Jie Qiu and Ying Chen},
	Journal = {International Conference on Web Services},
	Title = {Self-reconfiguration of service-based systems: A case study for service level agreements and resource optimization.},
	Year = {2005}}
	
@online{kanban2,
	title = {{Kanban vs Scrum}},
	url = {http://www.agileweboperations.com/scrum-vs-kanban},
	urldate = {2017-03-29}
}

@online{kanban1,
	title = {{La metodología Kanban}},
	url = {https://es.atlassian.com/agile/kanban},
	urldate = {2017-03-29}
}

@online{tfg,
title = {Treball de Fi de Grau},
url = {https://www.fib.upc.edu/ca/estudis/graus/grau-en-enginyeria-informatica/treball-de-fi-de-grau},
urldate = {2017-06-19}
}

@online{ects,
title = {Los créditos europeos (ECTS)},
url = {http://portal.uned.es/portal/page?_pageid=355,3138322&_dad=portal},
urldate = {2017-06-19}
}

@article{chaos,
  title={CHAOS manifesto 2013},
  author={STANDISH GROUP and others},
  journal={The Standish Group International. EUA},
  year={2011}
}

@online{supersede,
  title = {{SUPERSEDE} - at a glance},
  url = {https://www.supersede.eu/project/supersede-at-a-glance/},
  urldate = {2017-04-30}
}

@online{horizon,
  title = {{Horizon 2020} EU Framework Programme Research and Innovation},
  url = {https://ec.europa.eu/programmes/horizon2020/},
  urldate = {2017-04-30}
}

@inproceedings{mapek1,
 author = {Arcaini, Paolo and Riccobene, Elvinia and Scandurra, Patrizia},
 title = {Modeling and Analyzing MAPE-K Feedback Loops for Self-adaptation},
 booktitle = {Proceedings of the 10th International Symposium on Software Engineering for Adaptive and Self-Managing Systems},
 year = {2015},
 location = {Florence, Italy},
 pages = {13--23},
 numpages = {11},
 url = {http://dl.acm.org/citation.cfm?id=2821357.2821362},
 acmid = {2821362},
 publisher = {IEEE Press},
 address = {Piscataway, NJ, USA}
} 

@article{mapek2,
 author = {Iglesia, Didac Gil De La and Weyns, Danny},
 title = {MAPE-K Formal Templates to Rigorously Design Behaviors for Self-Adaptive Systems},
 journal = {ACM Trans. Auton. Adapt. Syst.},
 issue_date = {October 2015},
 volume = {10},
 number = {3},
 month = sep,
 year = {2015},
 issn = {1556-4665},
 pages = {15:1--15:31},
 articleno = {15},
 numpages = {31},
 url = {http://doi.acm.org/10.1145/2724719},
 doi = {10.1145/2724719},
 acmid = {2724719},
 publisher = {ACM},
 address = {New York, NY, USA},
 keywords = {Formal templates, MAPE-K, self-adaptation},
} 